@InCollection{Nina:2010a,
  author = 	 {N. S. T. Hirata},
  title = 	 {Morphological Operator Design from Training Data: A State of the Art Overview},
  booktitle = 	 {Innovations in Intelligent Image Analysis},
  pages = 	 {31-58},
  publisher = {Springer},
  year = 	 {2011},
  editor = 	 {H. Kwasnicka and L. C. Jain}
}

@Misc{trios:online,
 OPTkey = 	 {},
 OPTauthor = 	 {},
 title = 	 {TRIOS - Training Image Operators from Samples},
 howpublished = {\url{https://sourceforge.net/projects/trioslib/}},
 month = 	 {Junho},
 year = 	 {2012},
 OPTnote = 	 {},
 OPTannote = 	 {}
}
 
@InProceedings{HirBarTer:00,
  author =       {N. S. T. Hirata and J. Barrera and R. Terada},
  title =        {{Text Segmentation by Automatically Designed
                  Morphological Operators}},
  booktitle =    {Proc. of SIBGRAPI},
  pages =        {284-291},
  year =         {2000}
}

@article{Kasturi_OGorman_Govindaraju_2002,
	title={Document image analysis: A primer},
	volume={27},
	url={http://www.springerlink.com/index/10.1007/BF02703309},
	number={1},
	journal={Sadhana},
	publisher={Springer},
	author={Kasturi, Rangachar and O’Gorman, Lawrence and Govindaraju, Venu},
	year={2002},
	pages={3--22}
	}
	
@proceedings{DBLP:conf/icdar/2009,
	title     = {10th International Conference on Document Analysis and Recognition,
	             ICDAR 2009, Barcelona, Spain, 26-29 July 2009},
	booktitle = {ICDAR},
	publisher = {IEEE Computer Society},
	year      = {2009},
	bibsource = {DBLP, http://dblp.uni-trier.de}
	}
	
@article{10.1109/ICDAR.2007.207,
	author = {A. Antonacopoulos and D. Bridson},
	title = {Performance Analysis Framework for Layout Analysis Methods},
	journal ={Document Analysis and Recognition, International Conference on},
	volume = {2},
	issn = {1520-5363},
	year = {2007},
	pages = {1258-1262},
	doi = {http://doi.ieeecomputersociety.org/10.1109/ICDAR.2007.207},
	publisher = {IEEE Computer Society},
	address = {Los Alamitos, CA, USA},
	}

@INPROCEEDINGS{Antonacopoulos95representationand,
	author = {A. Antonacopoulos and R. T. Ritchings},
    title = {Representation and classification of complex-shaped printed regions using white tiles},
    booktitle = {Proceedings of the 3rd ICDAR},
    year = {1995},
    pages = {1132--1135},
    publisher = {IEEE-CS Press}
}
	
@MISC{Antonacopoulos09arealistic,
    author = {A. Antonacopoulos and D. Bridson and C. Papadopoulos and S. Pletschacher},
    title = { A Realistic Dataset for Performance Evaluation of Document Layout Analysis },
    year = {2009}
}

@INPROCEEDINGS{Moll07documentcontent,
    author = {Michael A. Moll and Henry S. Baird},
    title = {Document content inventory and retrieval},
    booktitle = {In Proc., IAPR 9th Int’l Conf. on Document Analysis and Recognition (ICDAR2007},
    year = {2007}
}

@inproceedings{Smith:2009:HPL:1634930.1635410,
	author = {Smith, Raymond W.},
	title = {Hybrid Page Layout Analysis via Tab-Stop Detection},
	booktitle = {Proceedings of the 2009 10th International Conference on Document Analysis and Recognition},
	series = {ICDAR '09},
	year = {2009},
	isbn = {978-0-7695-3725-2},
	pages = {241--245},
	numpages = {5},
	url = {http://dx.doi.org/10.1109/ICDAR.2009.257},
	doi = {10.1109/ICDAR.2009.257},
	acmid = {1635410},
	publisher = {IEEE Computer Society},
	address = {Washington, DC, USA},
	keywords = {Page Layout Analysis, Tesseract, Tab detection}
}
	
@inproceedings{DBLP:conf/icdar/AntonacopoulosPBP09,
	author    = {Apostolos Antonacopoulos and
	            Stefan Pletschacher and
	            David Bridson and
	            Christos Papadopoulos},
	title     = {ICDAR 2009 Page Segmentation Competition},
	booktitle = {ICDAR},
	year      = {2009},
	pages     = {1370-1374},
	ee        = {http://dx.doi.org/10.1109/ICDAR.2009.275},
	crossref  = {DBLP:conf/icdar/2009},
	bibsource = {DBLP, http://dblp.uni-trier.de}
}

@book{Serra:1983:IAM:1098652,
 author = {Serra, Jean},
 title = {Image Analysis and Mathematical Morphology},
 year = {1983},
 isbn = {0126372403},
 publisher = {Academic Press, Inc.},
 address = {Orlando, FL, USA},
}

@MastersThesis{Tomita:1996:PrAuMa,
  author =          "Tomita, Nina Sumiko",
  title =           "Programação Automática de Máquinas Morfológicas
                     Binárias baseada em aprendizado PAC",
  school =          "Departamento de Ciência da Computação, Instituto
                     de Matemática e Estatística",
  year =            "1996",
  address =         "",
  month =           "April",
  note =            "This work has been supported by ProTeM-CC/CNPq
                     throught the AnIMoMat project, contract
                     680067/94-9.",
  keywords =        "morphological machine, pac learning",
  abstract =        "",
  entrytype =       "MastersThesis",
  targetfile =      "dis_nina.ps.gz",
  size =            "641 Kbytes",
  version =         "original",
  repository =      "ime.usp.br/jb/1996/04.03.19.01",
  URL =             "<A HREF=http://hermes.dpi.inpe.br:1907/rep/ime.usp.br/jb/1996/04.03.19.01>http://hermes.dpi.inpe.br:1907/
                     rep/ime.usp.br/jb/1996/04.03.19.01</A>",
}

@article{citeulike:890354,
    abstract = {{We conduct an exhaustive survey of image thresholding methods, categorize them, express their formulas under a uniform notation, and finally carry their performance comparison. The thresholding methods are categorized according to the information they are exploiting, such as histogram shape, measurement space clustering, entropy, object attributes, spatial correlation, and local gray-level surface. 40 selected thresholding methods from various categories are compared in the context of nondestructive testing applications as well as for document images. The comparison is based on the combined performance measures. We identify the thresholding algorithms that perform uniformly better over nondestructive testing and document image applications. {\copyright} 2004 SPIE and IS\&T.}},
    author = {Sezgin, Mehmet and Sankur, B\"{u}lent},
    citeulike-article-id = {890354},
    citeulike-linkout-0 = {http://scitation.aip.org/getabs/servlet/GetabsServlet?prog=normal\&id=JEIME5000013000001000146000001\&idtype=cvips\&gifs=yes},
    citeulike-linkout-1 = {http://link.aip.org/link/?JEI/13/146},
    citeulike-linkout-2 = {http://dx.doi.org/10.1117/1.1631315},
    day = {01},
    doi = {10.1117/1.1631315},
    issn = {10179909},
    journal = {Journal of Electronic Imaging},
    keywords = {analysis, image, microscopy, segmentation, sem, thresholding},
    month = jan,
    number = {1},
    pages = {146--168},
    posted-at = {2009-07-02 23:47:29},
    priority = {4},
    publisher = {SPIE and IS\&T},
    title = {{Survey over image thresholding techniques and quantitative performance evaluation}},
    url = {http://dx.doi.org/10.1117/1.1631315},
    volume = {13},
    year = {2004}
}

