@article{Kasturi_OGorman_Govindaraju_2002,
	title={Document image analysis: A primer},
	volume={27},
	url={http://www.springerlink.com/index/10.1007/BF02703309},
	number={1},
	journal={Sadhana},
	publisher={Springer},
	author={Kasturi, Rangachar and O’Gorman, Lawrence and Govindaraju, Venu},
	year={2002},
	pages={3--22}
	}
	
@proceedings{DBLP:conf/icdar/2009,
	title     = {10th International Conference on Document Analysis and Recognition,
	             ICDAR 2009, Barcelona, Spain, 26-29 July 2009},
	booktitle = {ICDAR},
	publisher = {IEEE Computer Society},
	year      = {2009},
	bibsource = {DBLP, http://dblp.uni-trier.de}
	}
	
@article{10.1109/ICDAR.2007.207,
	author = {A. Antonacopoulos and D. Bridson},
	title = {Performance Analysis Framework for Layout Analysis Methods},
	journal ={Document Analysis and Recognition, International Conference on},
	volume = {2},
	issn = {1520-5363},
	year = {2007},
	pages = {1258-1262},
	doi = {http://doi.ieeecomputersociety.org/10.1109/ICDAR.2007.207},
	publisher = {IEEE Computer Society},
	address = {Los Alamitos, CA, USA},
	}

@INPROCEEDINGS{Antonacopoulos95representationand,
	author = {A. Antonacopoulos and R. T. Ritchings},
    title = {Representation and classification of complex-shaped printed regions using white tiles},
    booktitle = {Proceedings of the 3rd ICDAR},
    year = {1995},
    pages = {1132--1135},
    publisher = {IEEE-CS Press}
}
	
@MISC{Antonacopoulos09arealistic,
    author = {A. Antonacopoulos and D. Bridson and C. Papadopoulos and S. Pletschacher},
    title = { A Realistic Dataset for Performance Evaluation of Document Layout Analysis },
    year = {2009}
}

@INPROCEEDINGS{Moll07documentcontent,
    author = {Michael A. Moll and Henry S. Baird},
    title = {Document content inventory and retrieval},
    booktitle = {In Proc., IAPR 9th Int’l Conf. on Document Analysis and Recognition (ICDAR2007},
    year = {2007}
}

@inproceedings{Smith:2009:HPL:1634930.1635410,
	author = {Smith, Raymond W.},
	title = {Hybrid Page Layout Analysis via Tab-Stop Detection},
	booktitle = {Proceedings of the 2009 10th International Conference on Document Analysis and Recognition},
	series = {ICDAR '09},
	year = {2009},
	isbn = {978-0-7695-3725-2},
	pages = {241--245},
	numpages = {5},
	url = {http://dx.doi.org/10.1109/ICDAR.2009.257},
	doi = {10.1109/ICDAR.2009.257},
	acmid = {1635410},
	publisher = {IEEE Computer Society},
	address = {Washington, DC, USA},
	keywords = {Page Layout Analysis, Tesseract, Tab detection}
}
	
@inproceedings{DBLP:conf/icdar/AntonacopoulosPBP09,
	author    = {Apostolos Antonacopoulos and
	            Stefan Pletschacher and
	            David Bridson and
	            Christos Papadopoulos},
	title     = {ICDAR 2009 Page Segmentation Competition},
	booktitle = {ICDAR},
	year      = {2009},
	pages     = {1370-1374},
	ee        = {http://dx.doi.org/10.1109/ICDAR.2009.275},
	crossref  = {DBLP:conf/icdar/2009},
	bibsource = {DBLP, http://dblp.uni-trier.de}
}